<zs:record>
      <zs:recordPacking>xml</zs:recordPacking>
      <zs:recordData>
        <record xmlns="http://www.loc.gov/MARC21/slim">
          <leader>00365nz a2200109 4500</leader>
          <controlfield tag="001">30003604</controlfield>
          <controlfield tag="003">RISM</controlfield>
          <controlfield tag="005">20121108</controlfield>
          <controlfield tag="008">121108n||az|||||||##########||||||||||||</controlfield>
          <datafield tag="043" ind1=" " ind2=" ">
            <subfield code="c">Canada</subfield>
          </datafield>
          <datafield tag="110" ind1="2" ind2=" ">
            <subfield code="a">Religieuses Hospitalières de St. Joseph, Bibliothèque</subfield>
            <subfield code="c">Montréal</subfield>
            <subfield code="g">CDN-Mh</subfield>
          </datafield>
          <datafield tag="622" ind1=" " ind2=" ">
            <subfield code="e">Religieuses Hospitalières de St., Joseph, Bibliothèque, 5621 Canterbury, Montréal, PQ H3T
              1S8</subfield>
          </datafield>
          <idzebra xmlns="http://www.indexdata.dk/zebra/">
            <size>365</size>
            <score>707</score>
            <localnumber>835144</localnumber>
            <filename>sigla/sigla.mrc</filename>
          </idzebra>
        </record>
      </zs:recordData>
      <zs:recordPosition>51</zs:recordPosition>
    </zs:record>