<zs:record>
      <zs:recordPacking>xml</zs:recordPacking>
      <zs:recordData>
        <record xmlns="http://www.loc.gov/MARC21/slim">
          <leader>00462nz a2200109 4500</leader>
          <controlfield tag="001">30006518</controlfield>
          <controlfield tag="003">RISM</controlfield>
          <controlfield tag="005">20121108</controlfield>
          <controlfield tag="008">121108n||az|||||||##########||||||||||||</controlfield>
          <datafield tag="043" ind1=" " ind2=" ">
            <subfield code="c">Canada</subfield>
          </datafield>
          <datafield tag="110" ind1="2" ind2=" ">
            <subfield code="a">McGill University, Humanities and Social Sciences Library McLennan-Redpath
              &lt;Montréal&gt;</subfield>
            <subfield code="c">Montréal</subfield>
            <subfield code="g">CDN-Mlr</subfield>
          </datafield>
          <datafield tag="622" ind1=" " ind2=" ">
            <subfield code="e">McGill University, Humanities and, Social Sciences Library McLennan-Redpath, 3459 Mc
              Tavish Street, Montréal Québec, Canada H3A 1Y1</subfield>
            <subfield code="u">http://www.mcgill.ca/hssl/</subfield>
          </datafield>
          <idzebra xmlns="http://www.indexdata.dk/zebra/">
            <size>462</size>
            <score>707</score>
            <localnumber>832949</localnumber>
            <filename>sigla/sigla.mrc</filename>
          </idzebra>
        </record>
      </zs:recordData>
      <zs:recordPosition>38</zs:recordPosition>
    </zs:record>