<zs:record>
      <zs:recordPacking>xml</zs:recordPacking>
      <zs:recordData>
        <record xmlns="http://www.loc.gov/MARC21/slim">
          <leader>00614nz a2200157 4500</leader>
          <controlfield tag="001">30000473</controlfield>
          <controlfield tag="003">RISM</controlfield>
          <controlfield tag="005">20121108</controlfield>
          <controlfield tag="008">121108n||az|||||||##########||||||||||||</controlfield>
          <datafield tag="043" ind1=" " ind2=" ">
            <subfield code="c">Canada</subfield>
          </datafield>
          <datafield tag="110" ind1="2" ind2=" ">
            <subfield code="a">Bibliothèque et Archives nationales du Quebéc</subfield>
            <subfield code="c">Montréal</subfield>
            <subfield code="g">CDN-Mn</subfield>
          </datafield>
          <datafield tag="410" ind1="2" ind2=" ">
            <subfield code="a">Bibliothèque St. Sulpice</subfield>
          </datafield>
          <datafield tag="410" ind1="2" ind2=" ">
            <subfield code="a">Bibliothèque Nationale</subfield>
          </datafield>
          <datafield tag="622" ind1=" " ind2=" ">
            <subfield code="e">Bibliothèque et Archives nationales du, Quebéc, Grande Bibliothèque, Musique et films,
              475, boulevard De Maisonneuve Est, Montréal (Québec) H2L 5C4, Canada</subfield>
            <subfield code="u">http://www.banq.qc.ca/accueil/index.html</subfield>
          </datafield>
          <datafield tag="688" ind1="2" ind2=" ">
            <subfield code="a">Series C: Ms</subfield>
          </datafield>
          <datafield tag="852" ind1="2" ind2=" ">
            <subfield code="b">45.5151176, -73.5614791</subfield>
          </datafield>
          <idzebra xmlns="http://www.indexdata.dk/zebra/">
            <size>614</size>
            <score>707</score>
            <localnumber>833329</localnumber>
            <filename>sigla/sigla.mrc</filename>
          </idzebra>
        </record>
      </zs:recordData>
      <zs:recordPosition>44</zs:recordPosition>
    </zs:record>