<zs:record>
      <zs:recordPacking>xml</zs:recordPacking>
      <zs:recordData>
        <record xmlns="http://www.loc.gov/MARC21/slim">
          <leader>00518nz a2200121 4500</leader>
          <controlfield tag="001">30003606</controlfield>
          <controlfield tag="003">RISM</controlfield>
          <controlfield tag="005">20121108</controlfield>
          <controlfield tag="008">121108n||az|||||||##########||||||||||||</controlfield>
          <datafield tag="043" ind1=" " ind2=" ">
            <subfield code="c">Canada</subfield>
          </datafield>
          <datafield tag="110" ind1="2" ind2=" ">
            <subfield code="a">Université de Montréal, Bibliothèque de musique</subfield>
            <subfield code="c">Montréal</subfield>
            <subfield code="g">CDN-Mu</subfield>
          </datafield>
          <datafield tag="622" ind1=" " ind2=" ">
            <subfield code="e">Université de Montréal, Bibliothèque, musique, Pavillon de la Faculté de musique, 2e,
              étage, salle B-287, 200, avenue Vincent-d'Indy, Montréal (Québec) H3C 3J7, Canada</subfield>
            <subfield code="u">http://www.bib.umontreal.ca/MU/index.htm</subfield>
          </datafield>
          <datafield tag="852" ind1="2" ind2=" ">
            <subfield code="b">45.509039, -73.609064</subfield>
          </datafield>
          <idzebra xmlns="http://www.indexdata.dk/zebra/">
            <size>518</size>
            <score>707</score>
            <localnumber>830213</localnumber>
            <filename>sigla/sigla.mrc</filename>
          </idzebra>
        </record>
      </zs:recordData>
      <zs:recordPosition>7</zs:recordPosition>
    </zs:record>