<zs:record>
      <zs:recordPacking>xml</zs:recordPacking>
      <zs:recordData>
        <record xmlns="http://www.loc.gov/MARC21/slim">
          <leader>00455nz a2200157 4500</leader>
          <controlfield tag="001">30000479</controlfield>
          <controlfield tag="003">RISM</controlfield>
          <controlfield tag="005">20121108</controlfield>
          <controlfield tag="008">121108n||az|||||||##########||||||||||||</controlfield>
          <datafield tag="043" ind1=" " ind2=" ">
            <subfield code="c">Canada</subfield>
          </datafield>
          <datafield tag="110" ind1="2" ind2=" ">
            <subfield code="a">Séminaire de Québec</subfield>
            <subfield code="c">Québec</subfield>
            <subfield code="g">CDN-Qsl</subfield>
          </datafield>
          <datafield tag="410" ind1="2" ind2=" ">
            <subfield code="a">Séminaire Laval</subfield>
          </datafield>
          <datafield tag="410" ind1="2" ind2=" ">
            <subfield code="a">Petit Séminaire de Québec</subfield>
          </datafield>
          <datafield tag="622" ind1=" " ind2=" ">
            <subfield code="e">Séminaire de Québec, 3, rue de l'Université, Caisse postale, 460, Québec, PQ G1R
              4R7</subfield>
          </datafield>
          <datafield tag="670" ind1="2" ind2=" ">
            <subfield code="a">3</subfield>
          </datafield>
          <datafield tag="852" ind1="2" ind2=" ">
            <subfield code="b">46.814708, -71.204196</subfield>
          </datafield>
          <idzebra xmlns="http://www.indexdata.dk/zebra/">
            <size>455</size>
            <score>707</score>
            <localnumber>832831</localnumber>
            <filename>sigla/sigla.mrc</filename>
          </idzebra>
        </record>
      </zs:recordData>
      <zs:recordPosition>30</zs:recordPosition>
    </zs:record>