<zs:record>
      <zs:recordPacking>xml</zs:recordPacking>
      <zs:recordData>
        <record xmlns="http://www.loc.gov/MARC21/slim">
          <leader>00356nz a2200109 4500</leader>
          <controlfield tag="001">30003613</controlfield>
          <controlfield tag="003">RISM</controlfield>
          <controlfield tag="005">20121108</controlfield>
          <controlfield tag="008">121108n||az|||||||##########||||||||||||</controlfield>
          <datafield tag="043" ind1=" " ind2=" ">
            <subfield code="c">Canada</subfield>
          </datafield>
          <datafield tag="110" ind1="2" ind2=" ">
            <subfield code="a">Séminaire de St. Hyacinthe, Bibliothèque</subfield>
            <subfield code="c">St. Hyacinthe</subfield>
            <subfield code="g">CDN-SHs</subfield>
          </datafield>
          <datafield tag="622" ind1=" " ind2=" ">
            <subfield code="e">Séminaire de St. Hyacinthe, Bibliothèq, 450 rue Girouard, Box 370, St., Hyacinthe, PQ J2S
              2Y2</subfield>
          </datafield>
          <idzebra xmlns="http://www.indexdata.dk/zebra/">
            <size>356</size>
            <score>707</score>
            <localnumber>830217</localnumber>
            <filename>sigla/sigla.mrc</filename>
          </idzebra>
        </record>
      </zs:recordData>
      <zs:recordPosition>11</zs:recordPosition>
    </zs:record>