<zs:record>
      <zs:recordPacking>xml</zs:recordPacking>
      <zs:recordData>
        <record xmlns="http://www.loc.gov/MARC21/slim">
          <leader>00426nz a2200121 4500</leader>
          <controlfield tag="001">30000483</controlfield>
          <controlfield tag="003">RISM</controlfield>
          <controlfield tag="005">20121108</controlfield>
          <controlfield tag="008">121108n||az|||||||##########||||||||||||</controlfield>
          <datafield tag="043" ind1=" " ind2=" ">
            <subfield code="c">Canada</subfield>
          </datafield>
          <datafield tag="110" ind1="2" ind2=" ">
            <subfield code="a">Canadian Broadcasting Corporation, Music Library &lt;Toronto&gt;</subfield>
            <subfield code="c">Toronto</subfield>
            <subfield code="g">CDN-Tb</subfield>
          </datafield>
          <datafield tag="622" ind1=" " ind2=" ">
            <subfield code="e">Canadian Broadcasting Corporation,, Music Library, P. O. Box 500, Terminal A, Toronto,
              ON, M5W 1E6</subfield>
            <subfield code="u">http://www.cbc.ca</subfield>
          </datafield>
          <datafield tag="852" ind1="2" ind2=" ">
            <subfield code="b">43.653524, -79.3839069</subfield>
          </datafield>
          <idzebra xmlns="http://www.indexdata.dk/zebra/">
            <size>426</size>
            <score>707</score>
            <localnumber>832833</localnumber>
            <filename>sigla/sigla.mrc</filename>
          </idzebra>
        </record>
      </zs:recordData>
      <zs:recordPosition>32</zs:recordPosition>
    </zs:record>